@article{wilson2016software,
  title={Software Carpentry: lessons learned},
  author={Wilson, Greg},
  journal={F1000Research},
  volume={3},
  year={2016}
}



@MISC{Bransford2000-lu,
  title     = "How people learn",
  author    = "Bransford, John D and Brown, Ann L and Cocking, Rodney R and
               {Others}",
  abstract  = "Unless otherwise indicated, all materials in this PDF File
               provided by the National Academies Press (www. nap. edu) for
               research purposes are copyrighted by the National Academy of
               Sciences. Distribution, posting, or copying is strictly
               prohibited without written ...",
  publisher = "Washington, DC: National Academy Press",
  year      =  2000
}


@MISC{Papert1980-fh,
  title     = "Mindstorms. {NY}",
  author    = "Papert, Seymour",
  publisher = "Basic Books",
  year      =  1980
}


@Article{Garyfallidis2014FrontNeuroinf,
   Author="Garyfallidis, E.  and Brett, M.  and Amirbekian, B.  and Rokem, A.  and van der Walt, S.  and Descoteaux, M.  and Nimmo-Smith, I. ",
   Title="{{D}ipy, a library for the analysis of diffusion {M}{R}{I} data}",
   Journal="Front Neuroinform",
   Year="2014",
   Volume="8",
   Pages="8",
   url="http://nipy.org/dipy"
}


@article{van2014scikit,
  title={scikit-image: image processing in Python},
  author={Van der Walt, Stefan and Sch{\"o}nberger, Johannes L and Nunez-Iglesias, Juan and Boulogne, Fran{\c{c}}ois and Warner, Joshua D and Yager, Neil and Gouillart, Emmanuelle and Yu, Tony},
  journal={PeerJ},
  volume={2},
  pages={e453},
  year={2014},
  publisher={PeerJ Inc.},
  url="http://scikit-image.org"
}


@ARTICLE{Pedregosa2012-dm,
  title         = "Scikit-learn: Machine Learning in Python",
  author        = "Pedregosa, Fabian and Varoquaux, Ga{\"{e}}l and Gramfort,
                   Alexandre and Michel, Vincent and Thirion, Bertrand and
                   Grisel, Olivier and Blondel, Mathieu and Prettenhofer, Peter
                   and Weiss, Ron and Dubourg, Vincent and Vanderplas, Jake and
                   Passos, Alexandre and Cournapeau, David and Brucher,
                   Matthieu and Perrot, Matthieu and Duchesnay, \'{E}douard",
  abstract      = "Scikit-learn is a Python module integrating a wide range of
                   state-of-the-art machine learning algorithms for
                   medium-scale supervised and unsupervised problems. This
                   package focuses on bringing machine learning to
                   non-specialists using a general-purpose high-level language.
                   Emphasis is put on ease of use, performance, documentation,
                   and API consistency. It has minimal dependencies and is
                   distributed under the simplified BSD license, encouraging
                   its use in both academic and commercial settings. Source
                   code, binaries, and documentation can be downloaded from
                   http://scikit-learn.sourceforge.net.",
  month         =  "2~" # jan,
  year          =  2012,
  archivePrefix = "arXiv",
  primaryClass  = "cs.LG",
  eprint        = "1201.0490"
}


@article{abadi2016tensorflow,
  title={Tensorflow: Large-scale machine learning on heterogeneous distributed systems},
  author={Abadi, Mart{\'\i}n and Agarwal, Ashish and Barham, Paul and Brevdo, Eugene and Chen, Zhifeng and Citro, Craig and Corrado, Greg S and Davis, Andy and Dean, Jeffrey and Devin, Matthieu and others},
  journal={arXiv preprint arXiv:1603.04467},
  year={2016}
}


@inproceedings{jia2014caffe,
  title={Caffe: Convolutional architecture for fast feature embedding},
  author={Jia, Yangqing and Shelhamer, Evan and Donahue, Jeff and Karayev, Sergey and Long, Jonathan and Girshick, Ross and Guadarrama, Sergio and Darrell, Trevor},
  booktitle={Proceedings of the 22nd ACM international conference on Multimedia},
  pages={675--678},
  year={2014},
  organization={ACM}
}


@article{merkel2014docker,
  title={Docker: lightweight linux containers for consistent development and deployment},
  author={Merkel, Dirk},
  journal={Linux Journal},
  volume={2014},
  number={239},
  pages={2},
  year={2014},
  publisher={Belltown Media}
}


@article{kluyver2016jupyter,
  title={Jupyter Notebooksâ€”a publishing format for reproducible computational workflows},
  author={Kluyver, Thomas and Ragan-Kelley, Benjamin and P{\'e}rez, Fernando and Granger, Brian and Bussonnier, Matthias and Frederic, Jonathan and Kelley, Kyle and Hamrick, Jessica and Grout, Jason and Corlay, Sylvain and others},
  journal={Positioning and Power in Academic Publishing: Players, Agents and Agendas},
  pages={87},
  year={2016}
}

@inproceedings{Stewart2015Jetstream,
  title     = {Jetstream: a self-provisioned, scalable science and engineering cloud environment},
  author    = {Stewart, C.A. and Cockerill, T.M. and Foster, I. and Hancock, D. and
               Merchant, N. and Skidmore, E. and Stanzione, D. and Taylor, J. and Tuecke,
               S. and Turner, G. and Vaughn, M. and and Gaffney, N.I.},
  booktitle={Proceedings of the 2015 XSEDE Conference: Scientific Advancements Enabled by Enhanced Cyberinfrastructure},
  pages={1--8},
  year={2015},
  organization={ACM: 2792774},
  doi="10.1145/2792745.2792774",
  url="http://dx.doi.org/10.1145/2792745.2792774"
}

@article{Towns2014XSEDE,
  title={XSEDE: accelerating scientific discovery},
  author={Towns, John and Cockerill, Timothy and Dahan, Maytal and Foster, Ian and Gaither, Kelly and Grimshaw, Andrew and Hazlewood, Victor and Lathrop, Scott and Lifka, Dave and Peterson, Gregory D and others},
  journal={Computing in Science \& Engineering},
  volume={16},
  number={5},
  pages={62--74},
  year={2014},
  publisher={IEEE}
}

<<<<<<< HEAD
@techreport{perez2015project,
  title={Project Jupyter: Computational narratives as the engine of collaborative data science},
  author={Perez, Fernando and Granger, Brian E},
  year={2015},
  institution={Technical report, Project Jupyter}
}


@InProceedings{ mckinney-proc-scipy-2010,
  author    = { Wes McKinney },
  title     = { Data Structures for Statistical Computing in Python },
  booktitle = { Proceedings of the 9th Python in Science Conference },
  pages     = { 51 - 56 },
  year      = { 2010 },
  editor    = { St\'efan van der Walt and Jarrod Millman }
}


@article{hunter2007matplotlib,
  title={Matplotlib: A 2D graphics environment},
  author={Hunter, John D},
  journal={Computing In Science \& Engineering},
  volume={9},
  number={3},
  pages={90--95},
  year={2007},
  publisher={IEEE}
}


@Misc{scipy,
  author =    {Eric Jones and Travis Oliphant and Pearu Peterson and others},
  title =     {{SciPy}: Open source scientific tools for {Python}},
  year =      {2001--},
  url = "http://www.scipy.org/",
  note = {[Online; accessed 2017-03-12]}
}


@misc{michael_waskom_2014_12710,
  author       = {Michael Waskom and
                  Olga Botvinnik and
                  Paul Hobson and
                  John B. Cole and
                  Yaroslav Halchenko and
                  Stephan Hoyer and
                  Alistair Miles and
                  Tom Augspurger and
                  Tal Yarkoni and
                  Tobias Megies and
                  Luis Pedro Coelho and
                  Daniel Wehner and
                  cynddl and
                  Erik Ziegler and
                  diego0020 and
                  Yury V. Zaytsev and
                  Travis Hoppe and
                  Skipper Seabold and
                  Phillip Cloud and
                  Miikka Koskinen and
                  Kyle Meyer and
                  Adel Qalieh and
                  Dan Allan},
  title        = {seaborn: v0.5.0 (November 2014)},
  month        = nov,
  year         = 2014,
  doi          = {10.5281/zenodo.12710},
  url          = {https://doi.org/10.5281/zenodo.12710}}


@InProceedings{ clark-proc-scipy-2014,
  author    = { {D}av {C}lark and {A}aron {C}ulich and {B}rian {H}amlin and {R}yan {L}ovett },
  title     = { {B}{C}{E}: {B}erkeley's {C}ommon {S}cientific {C}ompute {E}nvironment for {R}esearch and {E}ducation },
  booktitle = { {P}roceedings of the 13th {P}ython in {S}cience {C}onference },
  pages     = { 4 - 12 },
  year      = { 2014 },
  editor    = { {S}t\'efan van der {W}alt and {J}ames {B}ergstra }
}

@article{NiravCyberinfra2016,
  title = "The iPlant Collaborative: Cyberinfrastructure for Enabling Data to Discovery for the Life Sciences",
  author = "Nirav Merchant and Eric Lyons and Stephen Goff and Matthew Vaughn and Doreen Ware and David Micklos and Parker Antin",
  year = "2016",
  month = "1",
  doi = "10.1371/journal.pbio.1002342",
  volume = "14",
  journal = "PLoS Biology",
  issn = "1544-9173",
  publisher = "Public Library of Science",
  number = "1",
}

@Misc{momcheva2015astro,
  Author = {Ivelina Momcheva and Erik Tollerud},
  Title = {Software Use in Astronomy: an Informal Survey},
  Year = {2015},
  Eprint = {arXiv:1507.03989},
}
